@inproceedings{racaniere2017imagination,
  author    = {Sébastien Racanière and Theophane Weber and David Reichert and Lars Buesing and Arthur Guez and Danilo Jimenez Rezende and Adrià Puigdomènech Badia and Oriol Vinyals and Nicolas Heess and Yujia Li and Razvan Pascanu and Peter Battaglia and Demis Hassabis and David Silver and Daan Wierstra},
  title     = {Imagination-Augmented Agents for Deep Reinforcement Learning},
  booktitle = {Advances in Neural Information Processing Systems 30 (NIPS 2017)},
  year      = {2017},
  url       = {https://papers.nips.cc/paper/2017/file/9e82757e9a1c12cb710ad680db11f6f1-Paper.pdf}
}

@misc{SchraderSokoban2018,
  author       = {Max-Philipp B. Schrader},
  title        = {gym-sokoban},
  year         = {2018},
  howpublished = {\url{https://github.com/mpSchrader/gym-sokoban}},
  note         = {GitHub repository}
}

@article{mnih2013playing,
  author  = {Volodymyr Mnih and Koray Kavukcuoglu and David Silver and Alex Graves and Ioannis Antonoglou and Daan Wierstra and Martin Riedmiller},
  title   = {Playing Atari with Deep Reinforcement Learning},
  journal = {arXiv preprint arXiv:1312.5602},
  year    = {2013},
  eprint  = {1312.5602}
}

@article{vinyals2019grandmaster,
  author  = {Oriol Vinyals and Igor Babuschkin and Wojciech M. Czarnecki and Michaël Mathieu and Andrew Dudzik and Junyoung Chung and David H. Choi and Richard Powell and Timo Ewalds and Petko Georgiev and Junhyuk Oh and Dan Horgan and Manuel Kroiss and Ivo Danihelka and Aja Huang and Laurent Sifre and Trevor Cai and John P. Agapiou and Max Jaderberg and Alexander S. Vezhnevets and Rémi Leblond and Tobias Pohlen and Valentin Dalibard and David Budden and Yury Sulsky and James Molloy and Tom L. Paine and Caglar Gulcehre and Ziyu Wang and Tobias Pfaff and Yuhuai Wu and Roman Ring and Dani Yogatama and Dario Wünsch and Katrina McKinney and Oliver Smith and Tom Schaul and Timothy Lillicrap and Koray Kavukcuoglu and Demis Hassabis and Chris Apps and David Silver},
  title   = {Grandmaster level in StarCraft II using multi-agent reinforcement learning},
  journal = {Nature},
  year    = {2019},
  doi     = {10.1038/s41586-019-1724-z}
}
